<record><leader>00000cas a22000007a 4500</leader><controlfield tag="001">23434960</controlfield><controlfield tag="008">910408c19879999maudr ne      0    0eng d</controlfield><controlfield tag="009">9107</controlfield><datafield ind1=" " ind2=" " tag="010"><subfield code="a">sn 91057032 </subfield></datafield><datafield ind1=" " ind2=" " tag="040"><subfield code="a">MGN</subfield><subfield code="b">eng</subfield><subfield code="c">MGN</subfield><subfield code="d">OCL</subfield><subfield code="d">DLC</subfield></datafield><datafield ind1="1" ind2=" " tag="029"><subfield code="a">AU@</subfield><subfield code="b">000025882529</subfield></datafield><datafield ind1=" " ind2=" " tag="042"><subfield code="a">msc</subfield></datafield><datafield ind1=" " ind2=" " tag="043"><subfield code="a">n-us-ma</subfield></datafield><datafield ind1="0" ind2="0" tag="050"><subfield code="a">Newspaper</subfield></datafield><datafield ind1="0" ind2=" " tag="130"><subfield code="a">Union-news (Springfield, Mass. : Hampshire ed.)</subfield></datafield><datafield ind1="1" ind2="0" tag="245"><subfield code="a">Union-news.</subfield></datafield><datafield ind1="1" ind2="0" tag="246"><subfield code="a">Union news</subfield></datafield><datafield ind1="1" ind2="0" tag="246"><subfield code="a">Sunday Republican</subfield></datafield><datafield ind1=" " ind2=" " tag="250"><subfield code="a">Hampshire ed.</subfield></datafield><datafield ind1=" " ind2=" " tag="260"><subfield code="a">[Springfield, Mass. :</subfield><subfield code="b">David Starr]</subfield></datafield><datafield ind1=" " ind2=" " tag="300"><subfield code="a">v.</subfield></datafield><datafield ind1=" " ind2=" " tag="310"><subfield code="a">Daily</subfield></datafield><datafield ind1="0" ind2=" " tag="362"><subfield code="a">June 1, 1987-</subfield></datafield><datafield ind1=" " ind2=" " tag="500"><subfield code="a">Published in several regional editions.</subfield></datafield><datafield ind1=" " ind2=" " tag="500"><subfield code="a">Published on Sundays as: The Sunday Republican.</subfield></datafield><datafield ind1=" " ind2="0" tag="651"><subfield code="a">Hampshire (Mass.)</subfield><subfield code="v">Newspapers.</subfield></datafield><datafield ind1=" " ind2="0" tag="651"><subfield code="a">Springfield (Mass.)</subfield><subfield code="v">Newspapers.</subfield></datafield><datafield ind1=" " ind2=" " tag="752"><subfield code="a">United States</subfield><subfield code="b">Massachusetts</subfield><subfield code="c">Hampden</subfield><subfield code="d">Springfield.</subfield></datafield><datafield ind1=" " ind2=" " tag="752"><subfield code="a">United States</subfield><subfield code="b">Massachusetts</subfield><subfield code="c">Hampshire</subfield><subfield code="d">Northampton.</subfield></datafield><datafield ind1=" " ind2=" " tag="752"><subfield code="a">United States</subfield><subfield code="b">Massachusetts</subfield><subfield code="c">Hampshire.</subfield></datafield><datafield ind1="0" ind2="0" tag="780"><subfield code="t">Daily news (Springfield, Mass. : Hampden Hampshire ed.)</subfield></datafield></record>